@inproceedings{Gomez:2010:RTE:1852786.1852790,
  author =       {G\'{o}mez, Omar S. and Juristo, Natalia and Vegas, Sira},
  title =        {Replications types in experimental disciplines},
  booktitle =    {Proceedings of the 2010 ACM-IEEE International Symposium on
                  Empirical Software Engineering and Measurement},
  series =       {ESEM '10},
  year =         2010,
  acmid =        1852790,
  keywords =     {classifications of replications, experimental paradigm,
                  experimental replication, software engineering, types of
                  replications},
}

@ARTICLE{zelk98,
  author =       {Zelkowitz, M.V. and Wallace, D.R.},
  journal =      {Computer},
  title =        {Experimental models for validating technology},
  year =         1998,
  month =        {may},
  volume =       31,
  number =       5,
  pages =        {23 -31},
  keywords =     {Computer science;Costs;Hardware;Paper technology;Particle
                  measurements;Software measurement;Software
                  safety;Taxonomy;Testing;Time measurement;product
                  development;software engineering;attribute evaluation;computer
                  science;experimental models;product development;software
                  engineering experimentation;technology validation;},
}

@article{zelk09,
  author =       {Zelkowitz, Marvin V.},
  title =        {An update to experimental models for validating computer
                  technology},
  journal =      {J. Syst. Softw.},
  issue_date =   {March, 2009},
  volume =       82,
  number =       3,
  month =        mar,
  year =         2009,
  pages =        {373--376},
  numpages =     4,
  acmid =        1513363,
  publisher =    {Elsevier Science Inc.},
  address =      {New York, NY, USA},
  keywords =     {Data collection, Experimentation, Technology evaluation},
}

@ARTICLE{Lukowicz94,
  author =       {Paul Lukowicz and Ernst A. Heinz and Lutz Prechelt and Walter
                  F. Tichy},
  title =        {Experimental Evaluation in Computer Science: A Quantitative
                  Study},
  journal =      {Journal of Systems and Software},
  year =         1994,
  volume =       28,
  pages =        {9--18}
}

@article{Naicken:2007:SPS:1232919.1232932,
  author =       {Naicken, S. and Livingston, B. and Basu, A. and Rodhetbhai, S.
                  and Wakeman, I. and Chalmers, D.},
  title =        {The state of peer-to-peer simulators and simulations},
  journal =      {SIGCOMM Comput. Commun. Rev.},
  issue_date =   {April 2007},
  volume =       37,
  number =       2,
  month =        mar,
  year =         2007,
  pages =        {95--98},
  numpages =     4,
  acmid =        1232932,
  publisher =    {ACM},
  address =      {New York, NY, USA},
  keywords =     {peer-to-peer, simulator evaluation, simulator usage},
}

@article{10.1371/journal.pone.0000308,
  author =       {Piwowar, Heather A. AND Day, Roger S. AND Fridsma, Douglas B.},
  journal =      {PLoS ONE},
  publisher =    {Public Library of Science},
  title =        {Sharing Detailed Research Data Is Associated with Increased
                  Citation Rate},
  year =         2007,
  month =        03,
  volume =       2,
  url =          {http://dx.plos.org/10.1371/journal.pone.0000308},
  pages =        {e308},
  number =       3,
  doi =          {10.1371/journal.pone.0000308}
}

@misc{ec-guidelines,
  title =        {Guidelines on Open Access to Scientific Publications and
                  Research Data in Horizon 2020},
  author =       {European Commission},
  url =
                  {http://ec.europa.eu/research/participants/data/ref/h2020/grants_manual/hi/oa_pilot/h2020-hi-oa-pilot-guide_en.pdf},
  month =        12,
  year =         2013
}

@article{Spinellis:2003:DFW:602421.602422,
  author =       {Spinellis, Diomidis},
  title =        {The Decay and Failures of Web References},
  journal =      {Commun. ACM},
  issue_date =   {January 2003},
  volume =       46,
  number =       1,
  month =        jan,
  year =         2003,
  pages =        {71--77},
  publisher =    {ACM},
  address =      {New York, NY, USA},
}

@article{Stanisic:2015:EGO:2723872.2723881,
  author =       {Stanisic, Luka and Legrand, Arnaud and Danjean, Vincent},
  title =        {An Effective Git And Org-Mode Based Workflow For Reproducible
                  Research},
  journal =      {SIGOPS Oper. Syst. Rev.},
  issue_date =   {January 2015},
  volume =       49,
  number =       1,
  month =        jan,
  year =         2015,
  pages =        {61--70},
  numpages =     10,
  publisher =    {ACM},
  address =      {New York, NY, USA},
}

@inproceedings{GuoCdeUsenix2011,
  author =       {Guo, Philip J. and Engler, Dawson},
  title =        {{CDE}: Using System Call Interposition to Automatically Create
                  Portable Software Packages},
  booktitle =    {USENIX ATC},
  year =         2011,
}

@inproceedings{buchert:hal-00909347,
  TITLE =        {{A workflow-inspired, modular and robust approach to
                  experiments in distributed systems}},
  AUTHOR =       {Buchert, Tomasz and Nussbaum, Lucas and Gustedt, Jens},
  BOOKTITLE =    {{CCGRID'2014}},
}

@article{buchert:hal-01087519,
  TITLE =        {{A survey of general-purpose experiment management tools for
                  distributed systems}},
  AUTHOR =       {Buchert, Tomasz and Ruiz, Cristian and Nussbaum, Lucas and
                  Richard, Olivier},
  JOURNAL =      {{Future Generation Computer Systems}},
  PUBLISHER =    {{Elsevier}},
  VOLUME =       45,
  PAGES =        {1 - 12},
  YEAR =         2015,
}

@inproceedings{ruizsanabria:hal-01064825,
  TITLE =        {{Reproducible Software Appliances for Experimentation}},
  AUTHOR =       {Ruiz Sanabria, Cristian Camilo and Richard, Olivier and
                  Emeras, Joseph},
  BOOKTITLE =    {{TRIDENTCOM'2014}},
}

@TechReport{Collberg:Repeatability2015,
  author =       {Christian Collberg and Todd Proebsting and Alex M Warren},
  title =        {Repeatability and Benefaction in Computer Systems Research},
  year =         {2015},
  month =     {Feb.},
  note =      {\url{http://reproducibility.cs.arizona.edu/}},
  OPTannote =    {}
}

@Article{Steen10,
  author =       {R Grant Steen},
  title =        {Retractions in the scientific literature: is the incidence of research fraud increasing?},
  journal =      {J Med Ethics},
  year =         {2011},
  volume =       {37},
  pages =        {249-253},
  OPTmonth =     {},
  note =      {\url{http://dx.doi.org/10.1136/jme.2010.040923}},
  OPTannote =    {}
}

@Misc{Nature_Reproducibility16,
  author =       {David B. Allison and Andrew W. Brown and Brandon J. George and Kathryn A. Kaiser},
  title =        {Reproducibility: A tragedy of errors},
  howpublished = {\url{http://www.nature.com/news/reproducibility-a-tragedy-of-errors-1.19264}},
  month =        {Feb.},
  year =         {2016},
  OPTnote =      {},
  OPTannote =    {}
}

@TechReport{Feitelson15,
  author =       {Dror G. Feitelson},
  title =        {From Repeatability to Reproducibility and Corroboration},
  institution =  {Hebrew University of Jerusalem},
  year =         {2015},
  note =         {\url{http://www.cs.huji.ac.il/~feit/papers/Repeat15SIGOPS.pdf}},
}
